<marc:record xmlns:marc="http://www.loc.gov/MARC21/slim" xmlns:xsi="http://www.w3.org/2001/XMLSchema-instance" xsi:schemaLocation="http://www.loc.gov/MARC21/slim http://www.loc.gov/standards/marcxml/schema/MARC21slim.xsd">
  <marc:leader>00000nam a2200253 a 4500</marc:leader>
  <marc:controlfield tag="001">001680967</marc:controlfield>
  <marc:controlfield tag="003">NNU</marc:controlfield>
  <marc:controlfield tag="005">20130415152421.0</marc:controlfield>
  <marc:controlfield tag="008">930913s1954    ua            000 0 ara d</marc:controlfield>
  <marc:datafield tag="035" ind1="9" ind2=" ">
    <marc:subfield code="a">NYUb12224371</marc:subfield>
  </marc:datafield>
  <marc:datafield tag="035" ind1=" " ind2=" ">
    <marc:subfield code="a">(CStRLIN)NJPG93-B50033</marc:subfield>
  </marc:datafield>
  <marc:datafield tag="040" ind1=" " ind2=" ">
    <marc:subfield code="a">NjP</marc:subfield>
    <marc:subfield code="c">NjP</marc:subfield>
  </marc:datafield>
  <marc:datafield tag="100" ind1="1" ind2=" ">
    <marc:subfield code="a">Azharī, Khālid ibn ʻAbd Allāh,</marc:subfield>
    <marc:subfield code="d">d. 1499.</marc:subfield>
  </marc:datafield>
  <marc:datafield tag="245" ind1="1" ind2="0">
    <marc:subfield code="a">Sharḥ al-Taṣrīḥ ʻalá al-Tawḍīḥ :</marc:subfield>
    <marc:subfield code="b">ʻalá Alfīyat Ibn Mālik fī al-naḥw li-Jamāl al-Dīn Abī Muḥammad ibn ʻAbd Allāh ibn Yūsuf ibn Hishām al-Anṣārī /</marc:subfield>
    <marc:subfield code="c">lil-Shaykh Khālid ibn ʻAbd Allāh al-Azharī. Wa-bi-hāmishihi Ḥāshiyah lil-ʻallāmah Yāsin ibn Zayn al-Dīn al-ʻUlaymī al-Ḥimṣī.</marc:subfield>
  </marc:datafield>
  <marc:datafield tag="260" ind1=" " ind2=" ">
    <marc:subfield code="a">al-Qāhirah :</marc:subfield>
    <marc:subfield code="b">Maṭbaʻat al-Istiqāmah,</marc:subfield>
    <marc:subfield code="c">1954.</marc:subfield>
  </marc:datafield>
  <marc:datafield tag="300" ind1=" " ind2=" ">
    <marc:subfield code="a">2 v. ;</marc:subfield>
    <marc:subfield code="c">28 cm.</marc:subfield>
  </marc:datafield>
  <marc:datafield tag="650" ind1=" " ind2="0">
    <marc:subfield code="a">Arabic language</marc:subfield>
    <marc:subfield code="x">Grammar</marc:subfield>
    <marc:subfield code="v">Early works to 1800.</marc:subfield>
  </marc:datafield>
  <marc:datafield tag="600" ind1="1" ind2="0">
    <marc:subfield code="a">Ibn Mālik, Muḥammad ibn ʻAbd Allāh,</marc:subfield>
    <marc:subfield code="d">d. 1274.</marc:subfield>
    <marc:subfield code="t">Alfīyah.</marc:subfield>
  </marc:datafield>
  <marc:datafield tag="700" ind1="1" ind2=" ">
    <marc:subfield code="a">Ibn Hishām, ʻAbd Allāh ibn Yūsuf,</marc:subfield>
    <marc:subfield code="d">1309-1360.</marc:subfield>
    <marc:subfield code="t">Awḍaḥ al-masālik ilá Alfīyat Ibn Mālik.</marc:subfield>
  </marc:datafield>
  <marc:datafield tag="700" ind1="1" ind2=" ">
    <marc:subfield code="a">ʻUlaymī, Yāsīn ibn Zayn al-Dīn,</marc:subfield>
    <marc:subfield code="d">d. 1650 or 51.</marc:subfield>
  </marc:datafield>
  <marc:datafield tag="740" ind1="0" ind2="1">
    <marc:subfield code="a">Awḍaḥ al-masālik ilá Alfiyat Ibn Mālik.</marc:subfield>
  </marc:datafield>
</marc:record>
